@article{bogucki2019applying,
  title={Applying deep learning to right whale photo identification},
  author={Bogucki, Robert and Cygan, Marek and Khan, Christin Brangwynne and Klimek, Maciej and Milczek, Jan Kanty and Mucha, Marcin},
  journal={Conservation Biology},
  volume={33},
  number={3},
  pages={676--684},
  year={2019},
  publisher={Wiley Online Library}
}


@online{WinNT,
  author = {GREMM (baleinesendirect.org)},
  title = {Baleines noires de l'Atlantique Nord},
 % year = 1999,
  url = {https://baleinesendirect.org/decouvrir/especes-baleines-saint-laurent/13-especes/baleine-noire/},
 % urldate = {2010-09-30}
}

@online{gitlink,
  author = { AlexeyAB},
  title = {YOLOv4 / Scaled-YOLOv4 / YOLO - Neural Networks for Object Detection (Windows and Linux version of Darknet ) },
 % year = 1999,
  url = {https://github.com/AlexeyAB/darknet},
  urldate = {2020-10-30}
}

@article{yolopaper,
  author = {Joseph Redmon,Santosh Divvala,Ross Girshick,Ali Farhadi},
  title = {You Only Look Once: Unified, Real-Time Object Detection},
  year = 2016,
  url = {https://arxiv.org/pdf/1506.02640.pdf},
  %urldate = {2020-10-30}
}

